%% This BibTeX bibliography file was created using BibDesk.
%% http://bibdesk.sourceforge.net/


%% Created for Andreas Haupt at 2015-04-27 10:14:27 +0200 


%% Saved with string encoding Unicode (UTF-8) 



@article{cite-key,
	Author = {N. Z. Shor},
	Date-Added = {2015-04-27 08:13:55 +0000},
	Date-Modified = {2015-04-27 08:14:13 +0000},
	Title = {Cut-off }}
